@online{agilemanifesto,
    author    = "Mike Beedle and Arie van Bennekum and Alistair Cockburn and Ward Cunningham and Martin Fowler and Jim Highsmith and Andrew Hunt and Ron Jeffries and Jon Kern and Brian Marick and Robert C. Martin and Jeff Sutherland and Dave Thomas",
    title     = "Manifesto for Agile Software Development",
    url       = "http://agilemanifesto.org/",
    year     = "2001",
    urldate  = "2014-09-18",
}
